@online{klimaatakkoordWebsite,
    author = "Rijkswaterstaat",
    title = "Klimaatakkoord",
    url = "https://www.klimaatakkoord.nl/klimaatakkoord",
    year = "2019"
}

@book{Lamsweerde2009Requirements,
  title     = "Requirements Engineering: From System Goals to UML Models to Software Specifications",
  author    = "van Lamsweerde, Axel",
  year      = 2009,
  publisher = "Wiley"
}

@book{Arends1994,
  place={Delft, Zuid-Holland}, 
  title={Sluizen en stuwen: De Ontwikkeling van de Sluis- En Stuwbouw in Nederland tot 1940}, 
  url={https://repository.tudelft.nl/islandora/object/uuid%3A2edbe26b-a941-4175-a1e2-fe5182b90003}, 
  journal={TU Delft Repositories}, 
  publisher={Delftse Universitaire Pers}, 
  author={Arends, G.J}, 
  year={1994}
}

@online{rijkswaterstaatPlofsluis,
    author = {Rijkswaterstaat},
    title = {Plofsluis},
    url  = {https://www.rijkswaterstaat.nl/water/waterbeheer/bescherming-tegen-het-water/waterkeringen/dammen-sluizen-en-stuwen/plofsluis},
    addendum = {(accessed: 18.03.2024)}
}

@online{flowchart1,
    author = {Ying Tang, Chunze Liu, Fengshuai Cao \& Jianping Shang},
    title = {Analysis on Throughput Capacity of Water-Saving Ship Lock in Simulation Method},
    url = {https://link.springer.com/chapter/10.1007/978-981-19-6138-0_26},
    addendum = {(21.03.2024)}
}

@online{WaterkaartGrevelingensluis,
    author = {Water Map Live},
    title = {Grevelingensluis, in Bruinisse: opening hours and contact},
    url = {https://waterkaart.net/gids/sluis.php?naam=Grevelingensluis},
    addendum = {(21.03.2024)}
}

@online{vaarweginformatie,
    author = {Rijkswaterstaat},
    title = {Vaarweginformatie},
    url = {https://vaarweginformatie.nl/frp/main/#/home},
    addendum = {(21.03.2024)}
}

@online{volkeraksluizen,
    author = {Rijkswaterstaat},
    title = {Volkaraksluizen},
    url = {https://www.rijkswaterstaat.nl/water/waterbeheer/bescherming-tegen-het-water/waterkeringen/deltawerken/volkeraksluizen},
    addendum = {(21.03.2024)}
}

@online{SluisplanningVolkeraksluizen,
    author = {Rijkswaterstaat},
    title = {Lock scheduler},
    url = {https://sluisplanning.rws.nl/sluizen/NLWIS001430956600021?richting=AFVAART},
    addendum = {(21.03.2024)}
}

@online{WaterkaartVolkeraksluizen,
    author = {Water Map Live},
    title = {Volkeraksluizen, in Willemstad: opening hours and contact},
    url = {https://waterkaart.net/gids/sluis.php?naam=Volkeraksluizen},
    addendum = {(21.03.2024)}
}

@online{CBSduurzaamheid,
    author = {CBS},
    title = {Wat is duurzaamheid?},
    url = {https://www.cbs.nl/nl-nl/faq/specifiek/wat-is-duurzaamheid-},
    addendum = {(21.03.2024)}
}